<record xmlns="http://www.loc.gov/MARC21/slim" xmlns:xsi="http://www.w3.org/2001/XMLSchema-instance" xsi:schemaLocation="http://www.loc.gov/MARC21/slim http://www.loc.gov/standards/marcxml/schema/MARC21slim.xsd"><leader>00037nz   2200037n  4500</leader><controlfield tag="001">DNB|119308762</controlfield><controlfield tag="003">DNB</controlfield><controlfield tag="005">20080406024031.0</controlfield><controlfield tag="008">960202n||azznnabbn           | aaa    |c</controlfield><datafield ind1=" " ind2=" " tag="035"><subfield code="a">(DE-101)119308762</subfield></datafield><datafield ind1=" " ind2=" " tag="035"><subfield code="a">(DE-588a)119308762</subfield></datafield><datafield ind1=" " ind2=" " tag="035"><subfield code="a">(DE-588c)4400600-7</subfield></datafield><datafield ind1=" " ind2=" " tag="040"><subfield code="a">DE-101</subfield><subfield code="b">ger</subfield><subfield code="c">DE-101</subfield><subfield code="e">rakwb</subfield><subfield code="d">9999</subfield></datafield><datafield ind1=" " ind2=" " tag="043"><subfield code="c">XS</subfield></datafield><datafield ind1=" " ind2="7" tag="049"><subfield code="2">iso639-2</subfield><subfield code="a">grc</subfield></datafield><datafield ind1=" " ind2=" " tag="065"><subfield code="2">sswd</subfield><subfield code="a">12.2p</subfield></datafield><datafield ind1=" " ind2=" " tag="079"><subfield code="a">p</subfield><subfield code="q">s</subfield></datafield><datafield ind1="0" ind2=" " tag="100"><subfield code="a">Macedonius</subfield><subfield code="c">Thessalonicensis, 1. Jh. v. Chr.</subfield><subfield code="d">fl.1. Jh. v. Chr.</subfield></datafield><datafield ind1="0" ind2=" " tag="400"><subfield code="w">i</subfield><subfield code="i">rakoeb</subfield><subfield code="a">Makedonios</subfield><subfield code="c">von Thessalonike, 1. Jh. v. Chr.</subfield><subfield code="d">fl.1. Jh. v. Chr.</subfield></datafield><datafield ind1="0" ind2=" " tag="400"><subfield code="a">Macedonius</subfield><subfield code="c">Epigrammaticus, 1. Jh. v. Chr.</subfield><subfield code="d">fl.1. Jh. v. Chr.</subfield></datafield><datafield ind1="0" ind2=" " tag="400"><subfield code="a">Macedonius</subfield><subfield code="c">Lyricus</subfield><subfield code="d">fl.1. Jh. v. Chr.</subfield></datafield><datafield ind1=" " ind2=" " tag="549"><subfield code="w">i</subfield><subfield code="i">Zeit</subfield><subfield code="a">1. Jh. v. Chr.</subfield></datafield><datafield ind1=" " ind2=" " tag="549"><subfield code="w">i</subfield><subfield code="i">UDK-Zeitcode</subfield><subfield code="a">v00</subfield></datafield><datafield ind1=" " ind2=" " tag="667"><subfield code="a">TITAN</subfield></datafield><datafield ind1=" " ind2=" " tag="670"><subfield code="a">PAN</subfield></datafield><datafield ind1=" " ind2=" " tag="678"><subfield code="a">Griech. Schriftsteller</subfield></datafield><datafield ind1=" " ind2=" " tag="922"><subfield code="a">gr</subfield><subfield code="9">1</subfield></datafield><datafield ind1=" " ind2=" " tag="996"><subfield code="2">LC|n  97044380</subfield></datafield><datafield ind1=" " ind2=" " tag="996"><subfield code="2">PICA|14653820X</subfield></datafield><datafield ind1=" " ind2=" " tag="996"><subfield code="2">RERO|vtls000108733</subfield></datafield><datafield ind1=" " ind2=" " tag="997"><subfield code="a">0 0 flourished 0 0</subfield><subfield code="9">1</subfield></datafield></record>